@online{richard,
  author = {Silviu Stahie},
  title = {Richard Stallman Says He Created GNU, Which is Called often Linux},
  year = 2015,
  url = {https://news.softpedia.com/news/Richard-Stallman-Says-He-Created-GNU-Which-Is-Called-Often-Linux-482416.shtml}
  urldate = {2021-03-10}
}
@online{Sam,
  author = {Sam Taylor},
  title = {}
  year = -,
  url = {https://commercialobserver.com/wp-content/uploads/sites/3/2017/03/hippy-trump-web-spt.jpg}
  urldate = {2021-03-10}
}
@online{UNESCO,
  author = {UNESCO},
  title = {First Draft of the UNESCO Recommendation on Open Science}
  year = 2020,
  url = {https://unesdoc.unesco.org/ark:/48223/pf0000374837}
  urldate = {2021-03-10}
}
